
@misc{moukarzel_scratch_2021,
	title = {From {Scratch}: {Bayesian} {Inference}, {Markov} {Chain} {Monte} {Carlo} and {Metropolis} {Hastings}, in python},
	shorttitle = {From {Scratch}},
	url = {https://towardsdatascience.com/from-scratch-bayesian-inference-markov-chain-monte-carlo-and-metropolis-hastings-in-python-ef21a29e25a},
	abstract = {0- My first article},
	language = {en},
	urldate = {2024-06-04},
	journal = {Medium},
	author = {Moukarzel, Joseph},
	month = apr,
	year = {2021},
	file = {Snapshot:/home/azmain/Zotero/storage/UYLPEXLC/from-scratch-bayesian-inference-markov-chain-monte-carlo-and-metropolis-hastings-in-python-ef21.html:text/html},
}
