
@misc{navarro_notes_2023,
	title = {Notes from a data witch - {The} {Metropolis}-{Hastings} algorithm},
	url = {https://blog.djnavarro.net/posts/2023-04-12_metropolis-hastings/},
	abstract = {A note that I wrote for a computer science class I taught all the way back in 2010},
	language = {en},
	urldate = {2024-06-04},
	journal = {Notes from a data witch},
	author = {Navarro, Danielle},
	month = apr,
	year = {2023},
}
